@article{konidaris_distributed_2019,
    title = {Distributed {Machine} {Learning} {Algorithms} via {Geometric} {Monitoring}},
    url = {http://purl.tuc.gr/dl/dias/07D2D80D-F1AC-4937-B5F6-69D82C9A996F},
    language = {en},
    author = {Konidaris, Vissarion},
    year = {2019},
}

@article{kampioti_sofia__thesis_2020,
    title = {A functional geometric approach to distributed support vector machine (SVM) classification},
    url = {http://purl.tuc.gr/dl/dias/3C8837A2-7745-4025-B874-D756A30E6261},
    language = {en},
    author = {Kampioti, Sofia},
    year = {2020},
}

@article{garofalakis_distributed_nodate,
    title = {Distributed Query Monitoring through Convex Analysis: Towards Composable Safe Zones},
    pages = {18},
    author = {Garofalakis, Minos and Samoladas, Vasilis},
    langid = {english},
}

@article{calders_communication-efficient_2014,
    address = {Berlin, Heidelberg},
    title = {Communication- {Efficient} {Distributed} {Online} {Prediction} by {Dynamic} {Model} {Synchronization}},
    volume = {8724},
    isbn = {978-3-662-44847-2 978-3-662-44848-9},
    url = {http://link.springer.com/10.1007/978-3-662-44848-9_40},
    language = {en},
    urldate = {2019-12-09},
    booktitle = {Machine {Learning} and {Knowledge} {Discovery} in {Databases}},
    publisher = {Springer Berlin Heidelberg},
    author = {Kamp, Michael and Boley, Mario and Keren, Daniel and Schuster, Assaf and Sharfman, Izchak},
    editor = {Calders, Toon and Esposito, Floriana and Hullermeier, Eyke and Meo, Rosa},
    year = {2014},
    doi = {10.1007/978-3-662-44848-9_40},
    pages = {623--639},
}

@article{kamp_efficient_2018,
    title = {Efficient {Decentralized} {Deep} {Learning} by {Dynamic} {Model} {Averaging}},
    url = {http://arxiv.org/abs/1807.03210},
    language = {en},
    urldate = {2019-12-09},
    journal = {arXiv:1807.03210 [cs, stat]},
    author = {Kamp, Michael and Adilova, Linara and Sicking, Joachim and Huger, Fabian and Schlicht, Peter and Wirtz, Tim and Wrobel, Stefan},
    month = nov,
    year = {2018},
    note = {arXiv: 1807.03210},
    keywords = {Computer Science - Artificial Intelligence, Computer Science - Distributed, Parallel, and Cluster Computing, Computer Science - Machine Learning, Statistics - Machine Learning},
}

@inproceedings{sharfman_aggregate_2007,
    location = {Long Beach, {CA} , {USA}},
    title = {Aggregate Threshold Queries in Sensor Networks},
    isbn = {978-1-4244-0909-9},
    url = {http://ieeexplore.ieee.org/document/4228025/},
    doi = {10.1109/IPDPS.2007.370297},
    eventtitle = {2007 {IEEE} International Parallel and Distributed Processing Symposium},
    pages = {1--10},
    booktitle = {2007 {IEEE} International Parallel and Distributed Processing Symposium},
    publisher = {{IEEE}},
    author = {Sharfman, Izchak and Schuster, Assaf and Keren, Daniel},
    urldate = {2020-06-02},
    date = {2007},
    langid = {english}
}

@article{sharfman_geometric_2007,
    title = {A geometric approach to monitoring threshold functions over distributed data streams},
    volume = {32},
    issn = {0362-5915, 1557-4644},
    url = {https://dl.acm.org/doi/10.1145/1292609.1292613},
    doi = {10.1145/1292609.1292613},
    pages = {23},
    number = {4},
    journaltitle = {{ACM} Transactions on Database Systems},
    shortjournal = {{ACM} Trans. Database Syst.},
    author = {Sharfman, Izchak and Schuster, Assaf and Keren, Daniel},
    urldate = {2020-06-02},
    date = {2007-11},
    langid = {english}
}

@article{samoladas_functional_nodate,
    title = {Functional Geometric Monitoring for Distributed Streams},
    pages = {12},
    author = {Samoladas, Vasilis and Garofalakis, Minos},
    langid = {english}
}

@article{garofalakis_sketch-based_2013,
    title = {Sketch-based geometric monitoring of distributed stream queries},
    volume = {6},
    issn = {2150-8097},
    url = {http://dl.acm.org/doi/10.14778/2536206.2536220},
    doi = {10.14778/2536206.2536220},
    pages = {937--948},
    number = {10},
    journaltitle = {Proceedings of the {VLDB} Endowment},
    shortjournal = {Proc. {VLDB} Endow.},
    author = {Garofalakis, Minos and Keren, Daniel and Samoladas, Vasilis},
    urldate = {2020-06-02},
    date = {2013-08-26},
    langid = {english}
}

@dataset{amazon_dataset,
    author = {Stanford Network Analysis Project},
    year = {2017},
    month = {05},
    title = {Amazon Fine Food Reviews},
    url = {https://www.kaggle.com/snap/amazon-fine-food-reviews}
}

@dataset{sfc_dataset,
    author = {SF OpenData},
    year = {2016},
    month = {08},
    title = {San Francisco Crime Classification},
    url = {https://www.kaggle.com/kaggle/san-francisco-crime-classification}
}

@misc{rushabhwadkar_2019,
    title = {LSTM on Amazon Fine Food Reviews}, url = {https://www.kaggle.com/rushabhwadkar/lstm-on-amazon-fine-food-reviews},
    journal = {Kaggle},
    publisher = {Kaggle},
    author = {Rushabhwadkar},
    year = {2019},
    month = {Jun}
}

@misc{cnn_rnn_repo,
    author = {Jie Zhang},
    title = {multi-class-text-classification-cnn-rnn},
    year = {2018},
    publisher = {GitHub},
    journal = {GitHub repository},
    howpublished = {\url {https://github.com/jiegzhan/multi-class-text-classification-cnn-rnn}}
}

@inproceedings{li_scaling_2014,
    address = {Beijing, China},
    title = {Scaling {Distributed} {Machine} {Learning} with the {Parameter} {Server}},
    isbn = {978-1-4503-2891-3},
    url = {http://dl.acm.org/citation.cfm?doid=2640087.2644155},
    doi = {10.1145/2640087.2644155},
    language = {en},
    booktitle = {Proceedings of the 2014 {International} {Conference} on {Big} {Data} {Science} and {Computing} - {BigDataScience} '14},
    publisher = {ACM Press},
    author = {Li, Mu},
    year = {2014}
}